<?xml version="1.0" encoding="UTF-8"?><record xmlns="http://www.loc.gov/MARC21/slim" xmlns:cinclude="http://apache.org/cocoon/include/1.0" xmlns:zs="http://www.loc.gov/zing/srw/">
  <leader>00312cz  a2200121n  4500</leader>
  <controlfield tag="001">nb 98022229 </controlfield>
  <controlfield tag="003">DLC</controlfield>
  <controlfield tag="005">20051025110637.0</controlfield>
  <controlfield tag="008">980305n| acannaab           |n aaa     c</controlfield>
  <datafield tag="010" ind1=" " ind2=" ">
    <subfield code="a">nb 98022229 </subfield>
  </datafield>
  <datafield tag="040" ind1=" " ind2=" ">
    <subfield code="a">Uk</subfield>
    <subfield code="c">Uk</subfield>
    <subfield code="d">DLC</subfield>
  </datafield>
  <datafield tag="100" ind1="1" ind2=" ">
    <subfield code="a">Steinhoff, Maria</subfield>
  </datafield>
  <datafield tag="670" ind1=" " ind2=" ">
    <subfield code="a">KoĚlner Tagebuch 1944-46, 1992:</subfield>
    <subfield code="b">t.p. (Maria Steinhoff)</subfield>
  </datafield>
</record>